<?xml version="1.0" encoding="UTF-8"?><collection xmlns="http://www.loc.gov/MARC21/slim"><record><leader>00375nam--2200121-i-4500</leader><controlfield tag="001">000035716</controlfield><controlfield tag="002">20161230</controlfield><controlfield tag="005">20161230201040</controlfield><controlfield tag="008">060222s1000------------r-----000-0-eng-d</controlfield><datafield ind1=" " ind2=" " tag="080"><subfield code="a">547:547.52:541.63</subfield></datafield><datafield ind1=" " ind2=" " tag="245"><subfield code="a">Organic chemistry. a series of monographs. vol.6: hudson r.f.: structure and mechanism in organi-phosphorus chemistry</subfield></datafield><datafield ind1=" " ind2=" " tag="700"><subfield code="a">Blomquist, Alfred T</subfield></datafield><datafield ind1=" " ind2=" " tag="852"><subfield code="a">21865</subfield></datafield></record></collection>